% Use https://mathscinet.ams.org/mrlookup to find bibtex data for published articles
% Other websites such as google scholar also provide bibtex data
% Choose "BibTex" format on the website before you search
% The first parameter in each BibTex entry
% (for example Tverberg:1996tb) is the cite key for you article

@book{archarya14,
author = {Acharya, U Rajendra and Suri, Jasjit and Spaan, Jos and Krishnan, S.},
year = {2014},
month = {10},
pages = {},
title = {Advances in Cardiac Signal Processing},
journal = {Advances in Cardiac Signal Processing},
doi = {10.1007/978-3-540-36675-1}
}

@book{thakor84,
author = {Thakor, Nitish V and Webster, John G and Tompkins, Willis J},
year = {1984},
month = {11},
title = {Estimation of QRS Complex Power Spectra for Design of a QRS Filter},
journal = {IEEE Transactions on Biomedical Engineering},
volume = {BME-31},
issue = {11},
doi = {10.1109/TBME.1984.325393}
}

@book{oppenheim,
author = {Oppenheim, Alan and Hagelstein, Peter},
year = {2018},
title = {Signals, Systems and Inference},
publisher = {Massachusetts Institute of Technology: MIT OpenCourseWare}
}

@article{grady,
author = {Grady, Mack and Santoso, Surya},
year = {2012},
title = {Understanding Power System Harmonics}
}